<record xmlns="http://www.loc.gov/MARC21/slim" xmlns:xsi="http://www.w3.org/2001/XMLSchema-instance" xsi:schemaLocation="http://www.loc.gov/MARC21/slim http://www.loc.gov/standards/marcxml/schema/MARC21slim.xsd"><leader>00000nam  2200000uu 4500</leader><controlfield tag="001">9789137139791</controlfield><controlfield tag="003">BTJ</controlfield><controlfield tag="008">130520s2013    sw ||||      |00| f|swe||</controlfield><datafield ind1=" " ind2=" " tag="020"><subfield code="a">9789137139791</subfield><subfield code="q">h&#229;rda p&#228;rmar</subfield></datafield><datafield ind1="1" ind2=" " tag="041"><subfield code="a">swe</subfield><subfield code="h">eng</subfield></datafield><datafield ind1=" " ind2=" " tag="084"><subfield code="a">84.31</subfield><subfield code="2">ykl</subfield></datafield><datafield ind1=" " ind2=" " tag="091"><subfield code="a">89</subfield></datafield><datafield ind1=" " ind2=" " tag="094"><subfield code="a">84.31</subfield></datafield><datafield ind1=" " ind2=" " tag="095"><subfield code="a">2.4</subfield></datafield><datafield ind1=" " ind2=" " tag="097"><subfield code="a">84.31</subfield></datafield><datafield ind1="1" ind2=" " tag="100"><subfield code="a">Morton, Kate,</subfield><subfield code="e">f&#246;rfattare</subfield></datafield><datafield ind1="1" ind2="4" tag="240"><subfield code="a">The secret keeper,</subfield><subfield code="l">svenska</subfield></datafield><datafield ind1="1" ind2="3" tag="245"><subfield code="a">En v&#228;lbevarad hemlighet /</subfield><subfield code="c">Kate Morton ; &#246;vers&#228;ttning: Ann Bj&#246;rkhem</subfield></datafield><datafield ind1=" " ind2=" " tag="260"><subfield code="a">Stockholm :</subfield><subfield code="b">Forum,</subfield><subfield code="c">2013</subfield></datafield><datafield ind1=" " ind2=" " tag="300"><subfield code="a">474 sidor ;</subfield><subfield code="c">24 cm</subfield></datafield><datafield ind1=" " ind2=" " tag="500"><subfield code="a">N&#228;r den sexton&#229;riga Laurel blir vittne till en fasansfull h&#228;ndelse i familjens tr&#228;dg&#229;rd i Suffolk, f&#246;rst&#229;r hon inte riktigt vad det &#228;r som sker och familjen talar aldrig mer om saken. Men n&#228;r hennes mor n&#228;rmar sig livets slut, &#229;terv&#228;nder Laurel till f&#246;r&#228;ldrahemmet och b&#246;rjar pussla ihop bitarna i en dramatisk historia.</subfield></datafield><datafield ind1=" " ind2=" " tag="575"><subfield code="a">aineistoatespoo.fi</subfield></datafield><datafield ind1="1" ind2="4" tag="600"><subfield code="a">Nicholson, Laurel</subfield><subfield code="c">(fiktiv gestalt)</subfield></datafield><datafield ind1="1" ind2="4" tag="600"><subfield code="a">Nicholson, Dorothy</subfield><subfield code="c">(fiktiv gestalt)</subfield></datafield><datafield ind1=" " ind2="7" tag="650"><subfield code="a">hemligheter</subfield><subfield code="2">bella</subfield></datafield><datafield ind1=" " ind2="7" tag="650"><subfield code="a">f&#246;rflutna (det)</subfield><subfield code="2">bella</subfield></datafield><datafield ind1=" " ind2="7" tag="650"><subfield code="a">d&#246;dande</subfield><subfield code="2">bella</subfield></datafield><datafield ind1=" " ind2="7" tag="650"><subfield code="a">k&#228;rleksf&#246;rh&#229;llande</subfield><subfield code="2">bella</subfield></datafield><datafield ind1=" " ind2="7" tag="650"><subfield code="a">falskhet</subfield><subfield code="2">bella</subfield></datafield><datafield ind1=" " ind2="7" tag="650"><subfield code="a">hemligh&#229;llande</subfield><subfield code="2">bella</subfield></datafield><datafield ind1=" " ind2="7" tag="650"><subfield code="a">trauman</subfield><subfield code="2">bella</subfield></datafield><datafield ind1=" " ind2="7" tag="650"><subfield code="a">andra v&#228;rldskriget</subfield><subfield code="2">bella</subfield></datafield><datafield ind1=" " ind2="7" tag="650"><subfield code="a">m&#246;drar</subfield><subfield code="2">bella</subfield></datafield><datafield ind1=" " ind2="7" tag="650"><subfield code="a">d&#246;ttrar</subfield><subfield code="2">bella</subfield></datafield><datafield ind1=" " ind2="7" tag="650"><subfield code="a">st&#228;der</subfield><subfield code="2">bella</subfield></datafield><datafield ind1=" " ind2="7" tag="651"><subfield code="a">London</subfield><subfield code="2">bella</subfield></datafield><datafield ind1=" " ind2="7" tag="655"><subfield code="a">romaner</subfield><subfield code="2">slm/swe</subfield><subfield code="0">http://urn.fi/URN:NBN:fi:au:slm:s518</subfield></datafield><datafield ind1=" " ind2="7" tag="655"><subfield code="a">romantiska thrillers (litteratur)</subfield><subfield code="2">slm/swe</subfield><subfield code="0">http://urn.fi/URN:NBN:fi:au:slm:s926</subfield></datafield><datafield ind1=" " ind2="7" tag="655"><subfield code="a">familjeromaner</subfield><subfield code="2">slm/swe</subfield><subfield code="0">http://urn.fi/URN:NBN:fi:au:slm:s1154</subfield></datafield><datafield ind1=" " ind2="7" tag="655"><subfield code="a">sk&#246;nlitteratur</subfield><subfield code="2">slm/swe</subfield><subfield code="0">http://urn.fi/URN:NBN:fi:au:slm:s975</subfield></datafield><datafield ind1=" " ind2="7" tag="655"><subfield code="a">engelsk litteratur</subfield><subfield code="2">local</subfield></datafield><datafield ind1=" " ind2="7" tag="655"><subfield code="a">&#246;vers&#228;ttningar</subfield><subfield code="2">slm/swe</subfield><subfield code="0">http://urn.fi/URN:NBN:fi:au:slm:s1044</subfield></datafield><datafield ind1="1" ind2=" " tag="700"><subfield code="a">Bj&#246;rkhem, Ann,</subfield><subfield code="e">&#246;vers&#228;ttare</subfield></datafield><datafield ind1=" " ind2=" " tag="852"><subfield code="x">Helsingin luokanmuutos 28.4.2026</subfield></datafield></record>